@book{zimmermann1995official,
  title={The official PGP user's guide},
  author={Zimmermann, Philip R},
  year={1995},
  publisher={MIT press},
  url={https://www.philzimmermann.com/EN/essays/WhyIWrotePGP.html}
}

@inproceedings{aertsen2017no,
  title={No domain left behind: is Let's Encrypt democratizing encryption?},
  author={Aertsen, Maarten and Korczy{\'n}ski, Maciej and Moura, Giovane and Tajalizadehkhoob, Samaneh and van den Berg, Jan},
  booktitle={Proceedings of the Applied Networking Research Workshop},
  pages={48--54},
  year={2017},
  organization={ACM}
  url={https://arxiv.org/pdf/1612.03005.pdf}
}
